% This file was created with JabRef 2.10b2.
% Encoding: UTF-8


@Article{franke2002optimal,
  Title                    = {Optimal control of the driving of trains (optimale steuerung der fahrweise von z{\"u}gen)},
  Author                   = {Franke, R{\"u}diger and Meyer, Markus and Terwiesch, Peter},
  Journal                  = {at-Automatisierungstechnik Methoden und Anwendungen der Steuerungs-, Regelungs-und Informationstechnik},
  Year                     = {2002},
  Number                   = {12/2002},
  Pages                    = {606},
  Volume                   = {50}
}

@InProceedings{gaier2014evolving,
  Title                    = {Evolving look ahead controllers for energy optimal driving and path planning},
  Author                   = {Gaier, Adam and Asteroth, Alexander},
  Booktitle                = {Innovations in Intelligent Systems and Applications (INISTA) Proceedings, 2014 IEEE International Symposium on},
  Year                     = {2014},
  Organization             = {IEEE},
  Pages                    = {138--145}
}

@InProceedings{van2010energy,
  Title                    = {Energy management in hybrid electric vehicles: Benefit of prediction},
  Author                   = {van Keulen, Thijs and de Jager, Bram and Kessels, John and Steinbuch, Maarten},
  Booktitle                = {Proc. IFAC Symposium on Advances in Automotive Control, M{\"u}nchen},
  Year                     = {2010}
}

@Article{liu2003energy,
  Title                    = {Energy-efficient operation of rail vehicles},
  Author                   = {Liu, Rongfang Rachel and Golovitcher, Iakov M},
  Journal                  = {Transportation Research Part A: Policy and Practice},
  Year                     = {2003},
  Number                   = {10},
  Pages                    = {917--932},
  Volume                   = {37},

  Publisher                = {Elsevier}
}

@Article{moreno2006energy,
  Title                    = {Energy-management system for a hybrid electric vehicle, using ultracapacitors and neural networks},
  Author                   = {Moreno, Jorge and Ort{\'u}zar, Micah E and Dixon, Juan W},
  Journal                  = {Industrial Electronics, IEEE Transactions on},
  Year                     = {2006},
  Number                   = {2},
  Pages                    = {614--623},
  Volume                   = {53},

  Publisher                = {IEEE}
}

@Article{sciarretta2007control,
  Title                    = {Control of hybrid electric vehicles},
  Author                   = {Sciarretta, Antonio and Guzzella, Lino},
  Journal                  = {Control systems, IEEE},
  Year                     = {2007},
  Number                   = {2},
  Pages                    = {60--70},
  Volume                   = {27},

  Publisher                = {IEEE}
}

